@book{glass1975,
  title={Design and analysis of time-series experiments},
  author={Glass, Gene V and Willson, Victor L and Gottman, John Mordechai},
  volume={197},
  year={1975},
  publisher={Colorado Associated University Press Boulder}
}